<?xml version="1.0" encoding="UTF-8"?><collection xmlns="http://www.loc.gov/MARC21/slim"><record><leader>00436nam--2200121-i-4500</leader><controlfield tag="001">000004419</controlfield><controlfield tag="002">20161230</controlfield><controlfield tag="005">20161230201025</controlfield><controlfield tag="008">060222s1000------------r-----000-0-eng-d</controlfield><datafield ind1=" " ind2=" " tag="100"><subfield code="a">Clode, W./S.A.</subfield></datafield><datafield ind1=" " ind2=" " tag="245"><subfield code="a">Inportance of the determination of the weight of the tyroid gland and clinical biologic fact ors in the treatment of hyperthyroidism with i131</subfield></datafield><datafield ind1=" " ind2=" " tag="260"><subfield code="a">Lisboa, Comissao De Esstudos De Energia Nuclea R, 1959 8 P</subfield></datafield><datafield ind1=" " ind2=" " tag="852"><subfield code="a">13807</subfield></datafield></record></collection>